% Encoding: UTF-8

@Book{Dirac1967,
  title     = {The Principles of Quantum Mechanics 4th ed (The International Series of Monographs on Physics no 27)},
  publisher = {Oxford: Clarendon Press},
  year      = {1967},
  author    = {Dirac, Paul Adrien Maurice},
}

@Article{Baran1998,
  author    = {Băran, V. and Raduta, A.A.},
  title     = {Classical and Quantal Chaos Described by a Fourth Order Quadrupole Boson Hamiltonian},
  journal   = {International Journal of Modern Physics E},
  year      = {1998},
  volume    = {7},
  number    = {04},
  pages     = {527--551},
  publisher = {World Scientific},
}

@Article{Baran1996,
  author    = {Băran, V. and Raduta, A.A. and Delion, D.S.},
  title     = {Regular and irregular features of classical motion described by a quadrupole boson Hamiltonian},
  journal   = {Physical Review E},
  year      = {1996},
  volume    = {54},
  number    = {4},
  pages     = {3264},
  publisher = {APS},
}

@Article{Timberlake2006,
  author    = {Timberlake, Todd},
  title     = {Random numbers and random matrices: Quantum chaos meets number theory},
  journal   = {American journal of physics},
  year      = {2006},
  volume    = {74},
  number    = {6},
  pages     = {547--553},
  publisher = {AAPT},
}

@Article{Brody1981,
  author    = {Brody, T.A. and Flores, J. and French, J. Bruce and Mello, P.A. and Pandey, A. and Wong, Samuel S.M.},
  title     = {Random-matrix physics: spectrum and strength fluctuations},
  journal   = {Reviews of Modern Physics},
  year      = {1981},
  volume    = {53},
  number    = {3},
  pages     = {385},
  publisher = {APS},
}

@Book{Goldstein2002,
  title     = {Classical mechanics},
  publisher = {Addison Wesley},
  year      = {2002},
  author    = {Goldstein, Herbert and Poole, Charles and Safko, John},
  edition   = {3},
}

@Book{Hand1998,
  title         = {Analytical mechanics},
  publisher     = {Cambridge University Press},
  year          = {1998},
  author        = {Hand, L.N. and Finch, J.D.},
  __markedentry = {[sebastian:]},
}

@Book{Wimberger2014,
  title         = {Nonlinear Dynamics and Quantum Chaos},
  publisher     = {Springer International Publishing},
  year          = {2014},
  author        = {Wimberger, Sandro},
  series        = {Graduate Texts in Physics},
  edition       = {1},
  __markedentry = {[sebastian:6]},
}

@Book{Strogatz1994,
  title     = {Nonlinear Dynamics and Chaos: With Applications to Physics, Biology, Chemistry, and Engineering},
  publisher = {Avalon Publishing},
  year      = {1994},
  author    = {Strogatz, S.H.},
  series    = {Advanced book program},
  isbn      = {9780738204536},
  lccn      = {93006166},
  url       = {https://books.google.ro/books?id=FIYHiBLWCJMC},
}

@Book{Ott2002,
  title     = {Chaos in Dynamical Systems},
  publisher = {Cambridge University Press},
  year      = {2002},
  author    = {Ott, Edward},
  edition   = {2},
  doi       = {10.1017/CBO9780511803260},
  place     = {Cambridge},
}

@Book{Sakurai2011,
  title     = {Modern Quantum Mechanics},
  publisher = {Addison-Wesley},
  year      = {2011},
  author    = {Sakurai, J.J. and Napolitano, J.},
  isbn      = {9780805382914},
  lccn      = {2010022349},
  url       = {https://books.google.ro/books?id=N4I-AQAACAAJ},
}

@Comment{jabref-meta: databaseType:bibtex;}
